@article{Angluin:regset,
	author = {D. Angluin},
	title = {{Learning Regular Sets from Queries and Counterexamples}},
	journal = {Information and Computation},
	year = {1987},
	volume = {75},
	number = {2},
	pages = {87--106},
	publisher = {Academic Press, Inc.},
	
}

@article{Biermann72,
	author = {A. W. Biermann and 
			J. Feldman},
	title = {{On the Synthesis of Finite-State Machines from Samples of Their Behavior}},
	journal = {IEEE TSE},
	year = {1972},
	volume = {21},
	number = {6},
	pages = {592--597},
	publisher = {IEEE CS},
	
}

@inproceedings{OncinaGarcia1992,
	author = {J. Oncina and P. Garc\'{\i}a},
	title = {{Inferring Regular Languages in Polynomial Updated Time}},
	booktitle = {the 4th Spanish Symposium on Pattern Recognition and Image Analysis},
	pages = {49--61},
	year = {1992},
	volume = {1},
	series = {MPAI},
	publisher = {World Scientific},

}

@inproceedings{BHKL09,
  author    = {B. Bollig and P. Habermehl and C. Kern and M. Leucker},
  title     = {{Angluin-Style Learning of~NFA}},
  booktitle = {IJCAI 2009},
  year      = {2009},
  pages =	 {1004--1009}, 
  publisher =	 {AAAI Press},
}

@inproceedings{LearnLib05,
 author = {Raffelt, Harald and Steffen, Bernhard and Berg, Therese},
 title = {{LearnLib: a library for automata learning and experimentation}},
 booktitle = {FMICS},
 year = {2005},
 pages = {62--71},
 publisher = {ACM},
 }
 
 @article{delete2,
  title={{Learning regular languages using RFSAs}},
  author={Denis, F. and Lemay, A. and Terlutte, A.},
  journal={TCS},
  volume={313},
  number={2},
  pages={267--294},
  year={2004},
  publisher={Springer}
}

@misc{KV,
  title={{An Introduction to Computational Learning Theory}},
  author={Kearns, MJ and Vazirani, UV},
  year={1994},
  publisher={MIT Press}
}

@article{rivest1993inference,
  title={{Inference of finite automata using homing sequences}},
  author={Rivest, R.L. and Schapire, R.E.},
  journal={Information and Computation},
  volume={103},
  pages={299--299},
  year={1993},
  publisher={Springer}
}

@book{trakhtenbrot1973finite,
  title={{Finite automata; behavior and synthesis}},
  author={Trakhtenbrot, B.A. and Barzdin, J.M.},
  year={1973},
  publisher={North-Holland}
}

@inproceedings{vilar1996query,
  author={Vilar, J.M.},
  title={{Query learning of subsequential transducers}},
  booktitle = {ICGI},
  pages={72--83},
  year={1996},
  publisher = {Springer},
  series    = {LNCS},
}

@article{maler1995learnability,
  title={{On the learnability of infinitary regular sets}},
  author={Maler, O. and Pnueli, A.},
  journal={Information and Computation},
  volume={118},
  number={2},
  pages={316--326},
  year={1995},
  publisher={San Diego: Academic Press, c1987-}
}

@inproceedings{FarzanCCTW08,
  author    = {A. Farzan and
               Y. Chen and
               E. M. Clarke and
               Y. Tsay and
               B. Wang},
  title     = {{Extending Automated Compositional Verification to the Full
               Class of Omega-Regular Languages}},
  booktitle = {TACAS 2008},
  year      = {2008},
  pages     = {2--17},
  publisher = {Springer},
  series    = {LNCS},
  volume    = {4963},

}


@inproceedings{AbdullaJNS04,
	author    = {P. A. Abdulla and
			B. Jonsson and
			M. Nilsson and
			M. Saksena},
	title     = {{A Survey of Regular Model Checking}},
	booktitle = {CONCUR 2004},
	year   = {2004},
	pages  = {35--48},
	volume = {3170},
	series = {LNCS},
	publisher = {Springer},

}

@article{HabermehlV05,
	author    = {P. Habermehl and
        		T. Vojnar},
	title     = {{Regular Model Checking Using Inference of Regular Languages}},
	booktitle = {INFINITY 2004},
	journal   = {ENTCS},
	volume    = {138},
	number    = {3},
	pages     = {21--36},
	year      = {2005},
}

@inproceedings{VardhanSVA04,
	author    = {A. Vardhan and
			K. Sen and
			M. Viswanathan and
			G. Agha},
	title     = {{Learning to Verify Safety Properties}},
	pages     = {274--289},
	booktitle = {ICFEM 2004},
	year      = {2004},
	volume    = {3308},
	series    = {LNCS},
	publisher = {Springer},

}

@article{OliveiraS01,
  author    = {A. L. Oliveira and
               J. P. Marques Silva},
  title     = {{Efficient Algorithms for the Inference of Minimum Size DFAs}},
  journal   = {Machine Learning},
  volume    = {44},
  number    = {1/2},
  year      = {2001},
  pages     = {93--119},
}

@article{PeledVY02,
	author    = {D. Peled and
        		M. Y. Vardi and
			M. Yannakakis},
	title     = {{Black Box Checking}},
	journal   = {Journal of Automata, Languages and Combinatorics},
	publisher = {Otto-von-Guericke-Universitat},
	volume    = {7},
	number    = {2},
	year      = {2002},
	pages     = {225--246},
  
}


@inproceedings{GrocePY02,
  author    = {Alex Groce and
               Doron Peled and
               Mihalis Yannakakis},
  title     = {Adaptive Model Checking},
  booktitle = {TACAS},
  publisher = {Springer},
  series    = {LNCS},
  volume    = {2280},
  year      = {2002},
  pages     = {357--370},
}

@inproceedings{LearnLib06,
	author = {H. Raffelt and B. Steffen},
	title = {{LearnLib: A Library for Automata Learning and Experimentation}},
	pages = {377--380},
	booktitle = {FASE 2006},
	year = {2006},
	volume = {3922},
	series = {LNCS},
	publisher = {Springer},
	
}


@phdthesis{PHDShahbaz08,
	author = {M. Shahbaz},
	title = {{Reverse Engineering Enhanced State Models of Black Box Software Components to Support Integration Testing}},
	school = {Laboratoire Informat.\ de Grenoble},
	year = {2008},

}

@inproceedings{BKKL-concur08,
	author = {B. Bollig and J. P. Katoen and C. Kern and M. Leucker},
	title = {{{\itshape Smyle}: A Tool for Synthesizing Distributed Models from Scenarios by Learning}},
	pages = {162--166},
	booktitle = {{CONCUR 2008}},
	year = {2008},
	volume = {5201},
	series = {LNCS},
	publisher = {Springer},

}

@article{jounrnalBKKL10,
	author = {B. Bollig and J. P. Katoen and C. Kern and M. Leucker},
	title = {{Learning Communicating Automata from MSCs}},
	journal = {IEEE TSE},
	publisher = {IEEE Computer Society},
	note = {To appear},
	
}

@TechReport{NeiderLoeding10,
  author      =	 {Neider, Daniel and L\"oding, Christof},
  title       =	 {{Learning Visibly One-Counter Automata in Polynomial Time}},
  institution =	 {RWTH Aachen},
  year        =  {2010},
  number      =	 {AIB-2010-02},
  month       =	 jan,
  url         =  {http://aib.informatik.rwth-aachen.de/20010/2010-02.ps.gz}
}

@inproceedings{DBLP:conf/cav/WulfDHR06,
  author    = {Martin De Wulf and
               Laurent Doyen and
               Thomas A. Henzinger and
               Jean-Fran\c{c}ois Raskin},
  title     = {Antichains: A New Algorithm for Checking Universality of
               Finite Automata},
  booktitle = {CAV},
  year      = {2006},
  pages     = {17-30},
  series    = {LNCS},
  volume    = {4144},
  ee        = {http://dx.doi.org/10.1007/11817963_5},
  bibsource = {DBLP, http://dblp.uni-trier.de}
}

@inproceedings{DBLP:conf/fase/GiannakopoulouP09,
  author    = {Dimitra Giannakopoulou and
               Corina S. Pasareanu},
  title     = {{Interface Generation and Compositional Verification in Java Pathfinder}},
  booktitle = {FASE},
  series    = {LNCS},
  volume    = {5503},
  year      = {2009},
  pages     = {94-108},
  ee        = {http://dx.doi.org/10.1007/978-3-642-00593-0_7},
  bibsource = {DBLP, http://dblp.uni-trier.de}
}

@article{DBLP:journals/sttt/RaffeltSBM09,
  author    = {Harald Raffelt and
               Bernhard Steffen and
               Therese Berg and
               Tiziana Margaria},
  title     = {{LearnLib: a framework for extrapolating behavioral models}},
  journal   = {STTT},
  volume    = {11},
  number    = {5},
  year      = {2009},
  pages     = {393-407},
  ee        = {http://dx.doi.org/10.1007/s10009-009-0111-8},
  bibsource = {DBLP, http://dblp.uni-trier.de}
}
