
@article{36889-angluin1,
 author = {Angluin, Dana},
 title = {Learning regular sets from queries and counterexamples},
 journal = {Inf. Comput.},
 volume = {75},
 number = {2},
 year = {1987},
 issn = {0890-5401},
 pages = {87--106},
 doi = {http://dx.doi.org/10.1016/0890-5401(87)90052-6},
 publisher = {Academic Press, Inc.},
 address = {Duluth, MN, USA},
 }

%-------------%

@inproceedings{181015-angluin2,
 author = {Angluin, Dana and Kri\c{k}is, M\={a}rti\c{n}\v{s}},
 title = {Learning with malicious membership queries and exceptions (extended abstract)},
 booktitle = {COLT '94: Proceedings of the seventh annual conference on Computational learning theory},
 year = {1994},
 isbn = {0-89791-655-7},
 pages = {57--66},
 location = {New Brunswick, New Jersey, United States},
 doi = {http://doi.acm.org/10.1145/180139.181015},
 publisher = {ACM},
 address = {New York, NY, USA},
 }

%-------------%

@article{640230-angluin3,
 author = {Angluin, Dana and Kri\c{k}is, M\={a}rti\c{n}\v{s}},
 title = {Learning from Different Teachers},
 journal = {Mach. Learn.},
 volume = {51},
 number = {2},
 year = {2003},
 issn = {0885-6125},
 pages = {137--163},
 doi = {http://dx.doi.org/10.1023/A:1022854802097},
 publisher = {Kluwer Academic Publishers},
 address = {Hingham, MA, USA},
 }

%-------------%

@inproceedings{DBLP:conf/ijcai/BolligHKL09-nl1,
  author    = {Benedikt Bollig and
               Peter Habermehl and
               Carsten Kern and
               Martin Leucker},
  title     = {Angluin-Style Learning of NFA},
  booktitle = {IJCAI},
  year      = {2009},
  pages     = {1004-1009},
  ee        = {http://ijcai.org/papers09/Papers/IJCAI09-170.pdf},
  crossref  = {DBLP:conf/ijcai/2009},
  bibsource = {DBLP, http://dblp.uni-trier.de}
}

@proceedings{DBLP:conf/ijcai/2009,
  editor    = {Craig Boutilier},
  title     = {IJCAI 2009, Proceedings of the 21st International Joint
               Conference on Artificial Intelligence, Pasadena, California,
               USA, July 11-17, 2009},
  booktitle = {IJCAI},
  year      = {2009},
  bibsource = {DBLP, http://dblp.uni-trier.de}
}

%-------------%

@inproceedings{DBLP:conf/wia/GarciaRCA05-nl2,
  author    = {Pedro Garc\'{\i}a and
               Jos{\'e} Ruiz and
               Antonio Cano and
               Gloria Alvarez},
  title     = {Is Learning RFSAs Better Than Learning DFAs?},
  booktitle = {CIAA},
  year      = {2005},
  pages     = {343-344},
  ee        = {http://dx.doi.org/10.1007/11605157_30},
  crossref  = {DBLP:conf/wia/2005},
  bibsource = {DBLP, http://dblp.uni-trier.de}
}

@proceedings{DBLP:conf/wia/2005,
  editor    = {Jacques Farr{\'e} and
               Igor Litovsky and
               Sylvain Schmitz},
  title     = {Implementation and Application of Automata, 10th International
               Conference, CIAA 2005, Sophia Antipolis, France, June 27-29,
               2005, Revised Selected Papers},
  booktitle = {CIAA},
  publisher = {Springer},
  series    = {Lecture Notes in Computer Science},
  volume    = {3845},
  year      = {2006},
  isbn      = {3-540-31023-1},
  bibsource = {DBLP, http://dblp.uni-trier.de}
}

%-------------%

@inproceedings{DBLP:conf/nips/CrammerKW06-Kearns1,
  author    = {Koby Crammer and
               Michael J. Kearns and
               Jennifer Wortman},
  title     = {Learning from Multiple Sources},
  booktitle = {NIPS},
  year      = {2006},
  pages     = {321-328},
  ee        = {http://books.nips.cc/papers/files/nips19/NIPS2006_0046.pdf},
  crossref  = {DBLP:conf/nips/2006},
  bibsource = {DBLP, http://dblp.uni-trier.de}
}

@proceedings{DBLP:conf/nips/2006,
  editor    = {Bernhard Sch{\"o}lkopf and
               John C. Platt and
               Thomas Hoffman},
  title     = {Advances in Neural Information Processing Systems 19, Proceedings
               of the Twentieth Annual Conference on Neural Information
               Processing Systems, Vancouver, British Columbia, Canada,
               December 4-7, 2006},
  booktitle = {NIPS},
  publisher = {MIT Press},
  year      = {2007},
  isbn      = {0-262-19568-2},
  bibsource = {DBLP, http://dblp.uni-trier.de}
}

%-------------%

@inproceedings{DBLP:conf/nips/LittmanKS01-kearns2,
  author    = {Michael L. Littman and
               Michael J. Kearns and
               Satinder P. Singh},
  title     = {An Efficient, Exact Algorithm for Solving Tree-Structured
               Graphical Games},
  booktitle = {NIPS},
  year      = {2001},
  pages     = {817-823},
  ee        = {http://www-2.cs.cmu.edu/Groups/NIPS/NIPS2001/papers/psgz/AA29.ps.gz},
  crossref  = {DBLP:conf/nips/2001},
  bibsource = {DBLP, http://dblp.uni-trier.de}
}

@proceedings{DBLP:conf/nips/2001,
  editor    = {Thomas G. Dietterich and
               Suzanna Becker and
               Zoubin Ghahramani},
  title     = {Advances in Neural Information Processing Systems 14 [Neural
               Information Processing Systems: Natural and Synthetic, NIPS
               2001, December 3-8, 2001, Vancouver, British Columbia, Canada]},
  booktitle = {NIPS},
  publisher = {MIT Press},
  year      = {2001},
  bibsource = {DBLP, http://dblp.uni-trier.de}
}

%-------------%

@book{200548-kearns3,
 author = {Kearns, Michael J. and Vazirani, Umesh V.},
 title = {An introduction to computational learning theory},
 year = {1994},
 isbn = {0-262-11193-4},
 publisher = {MIT Press},
 address = {Cambridge, MA, USA},
 }

%-------------%

@inproceedings{DBLP:conf/aia/Hoffmann07-rpni1,
  author    = {P. Hoffmann},
  title     = {Improving RPNI algorithm using minimal message length},
  booktitle = {Artificial Intelligence and Applications},
  year      = {2007},
  pages     = {409-414},
  crossref  = {DBLP:conf/aia/2007},
  bibsource = {DBLP, http://dblp.uni-trier.de}
}

@proceedings{DBLP:conf/aia/2007,
  editor    = {Vladan Devedzic},
  title     = {IASTED International Conference on Artificial Intelligence
               and Applications, part of the 25th Multi-Conference on Applied
               Informatics, Innsbruck, Austria, February 12-14, 2007},
  booktitle = {Artificial Intelligence and Applications},
  publisher = {IASTED/ACTA Press},
  year      = {2007},
  isbn      = {978-0-88986-631-7},
  bibsource = {DBLP, http://dblp.uni-trier.de}
}

%-------------%

@article{599647-rpni2,
 author = {Parekh, Rajesh and Honavar, Vasant G.},
 title = {Learning DFA from Simple Examples},
 journal = {Mach. Learn.},
 volume = {44},
 number = {1-2},
 year = {2001},
 issn = {0885-6125},
 pages = {9--35},
 doi = {http://dx.doi.org/10.1023/A:1010822518073},
 publisher = {Kluwer Academic Publishers},
 address = {Hingham, MA, USA},
 }

%-------------%

@inproceedings{655948-rpni3,
 author = {Cano, Antonio and Ruiz, Jos\'{e} and Garcia, Pedro},
 title = {Inferring Subclasses of Regular Languages Faster Using RPNI and Forbidden Configurations},
 booktitle = {ICGI '02: Proceedings of the 6th International Colloquium on Grammatical Inference},
 year = {2002},
 isbn = {3-540-44239-1},
 pages = {28--36},
 publisher = {Springer-Verlag},
 address = {London, UK},
 }

%-------------%

@inproceedings{1434324-rpni4,
 author = {Lambeau, Bernard and Damas, Christophe and Dupont, Pierre},
 title = {State-Merging DFA Induction Algorithms with Mandatory Merge Constraints},
 booktitle = {ICGI '08: Proceedings of the 9th international colloquium on Grammatical Inference},
 year = {2008},
 isbn = {978-3-540-88008-0},
 pages = {139--153},
 location = {Saint-Malo, France},
 doi = {http://dx.doi.org/10.1007/978-3-540-88009-7_11},
 publisher = {Springer-Verlag},
 address = {Berlin, Heidelberg},
 }

%-------------%

@article{982366-delete1,
 author = {Denis, Fran\c{c}ois and Lemay, Aur\'{e}lien and Terlutte, Alain},
 title = {Learning regular languages using RFSAs},
 journal = {Theor. Comput. Sci.},
 volume = {313},
 number = {2},
 year = {2004},
 issn = {0304-3975},
 pages = {267--294},
 doi = {http://dx.doi.org/10.1016/j.tcs.2003.11.008},
 publisher = {Elsevier Science Publishers Ltd.},
 address = {Essex, UK},
 }

%-------------%

@article{17952-biermann1,
 author = {Biermann, A W},
 title = {Fundamental mechanisms in machine learning and inductive inference},
 book = {Fundamentals of artificial intelligence: an advanced course},
 year = {1986},
 isbn = {0-387-16782-X},
 pages = {133--170},
 publisher = {Springer-Verlag New York, Inc.},
 address = {New York, NY, USA},
 }

%-------------%

@inproceedings{DBLP:conf/sat/EenB05,
  author    = {Niklas E{\'e}n and
               Armin Biere},
  title     = {Effective Preprocessing in SAT Through Variable and Clause
               Elimination},
  booktitle = {SAT},
  year      = {2005},
  pages     = {61-75},
  ee        = {http://dx.doi.org/10.1007/11499107_5},
  crossref  = {DBLP:conf/sat/2005},
  bibsource = {DBLP, http://dblp.uni-trier.de}
}

@proceedings{DBLP:conf/sat/2005,
  editor    = {Fahiem Bacchus and
               Toby Walsh},
  title     = {Theory and Applications of Satisfiability Testing, 8th International
               Conference, SAT 2005, St. Andrews, UK, June 19-23, 2005,
               Proceedings},
  booktitle = {SAT},
  publisher = {Springer},
  series    = {Lecture Notes in Computer Science},
  volume    = {3569},
  year      = {2005},
  isbn      = {3-540-26276-8},
  bibsource = {DBLP, http://dblp.uni-trier.de}
}
